@book{tex,
  title={TEX for Scientific Documentation: Second European Conference, Strasbourg, France, June 19-21, 1986. Proceedings},
  author={D{\'e}sarm{\'e}nien, Jacques},
  volume={236},
  year={1986},
  publisher={Springer Science \& Business Media}
}