@misc{rareskills_finitefields,
    author = {{RareSkills}},
    title = {Finite Fields},
    year = {2025},
    url = {https://www.rareskills.io/post/finite-fields},
    note = {Accessed: 2025-03-01}
}